<?xml version="1.0" encoding="UTF-8"?><collection xmlns="http://www.loc.gov/MARC21/slim"><record><leader>00402nam--2200133-i-4500</leader><controlfield tag="001">000029641</controlfield><controlfield tag="002">20161230</controlfield><controlfield tag="005">20161230201037</controlfield><controlfield tag="008">060222s1000------------r-----000-0-eng-d</controlfield><datafield ind1=" " ind2=" " tag="245"><subfield code="a">Lecture notes in math.vol.442:scattering th.for the d`alembert equation in exterior domain</subfield></datafield><datafield ind1=" " ind2=" " tag="260"><subfield code="a">Berlin, Springer-verlag, 1975</subfield></datafield><datafield ind1=" " ind2=" " tag="700"><subfield code="a">Wilcox, Calvin H</subfield></datafield><datafield ind1=" " ind2=" " tag="852"><subfield code="a">45376</subfield><subfield code="c">517.9</subfield></datafield><datafield ind1=" " ind2=" " tag="CAT"><subfield code="a">Sys</subfield><subfield code="c">20081028</subfield><subfield code="h">082555</subfield></datafield></record></collection>